<?xml version="1.0" encoding="UTF-8"?>
<collection xmlns:xsi="http://www.w3.org/2001/XMLSchema-instance" xsi:schemaLocation="http://www.loc.gov/MARC21/slim http://www.loc.gov/standards/marcxml/schema/MARC21slim.xsd" xmlns="http://www.loc.gov/MARC21/slim">
<record>
  <leader>01245cam a2200253Li 4500</leader>
  <controlfield tag="001">9008117</controlfield>
  <controlfield tag="003">NNC</controlfield>
  <controlfield tag="005">20111026000241.0</controlfield>
  <controlfield tag="008">010906s1931    ua a          000 0 ara d</controlfield>
  <datafield tag="035" ind1=" " ind2=" ">
    <subfield code="a">(OCoLC)ocn122881302</subfield>
  </datafield>
  <datafield tag="035" ind1=" " ind2=" ">
    <subfield code="a">(OCoLC)122881302</subfield>
  </datafield>
  <datafield tag="035" ind1=" " ind2=" ">
    <subfield code="a">(NNC)9008117</subfield>
  </datafield>
  <datafield tag="040" ind1=" " ind2=" ">
    <subfield code="a">StEdU</subfield>
    <subfield code="c">EUX</subfield>
    <subfield code="d">OCLCQ</subfield>
    <subfield code="d">NNC</subfield>
  </datafield>
  <datafield tag="066" ind1=" " ind2=" ">
    <subfield code="c">(3</subfield>
  </datafield>
  <datafield tag="100" ind1="1" ind2=" ">
    <subfield code="6">880-01</subfield>
    <subfield code="a">Ibn Hāshim, Muḥammad.</subfield>
  </datafield>
  <datafield tag="245" ind1="1" ind2="0">
    <subfield code="6">880-02</subfield>
    <subfield code="a">Riḥlah ilá al-thughrīn :</subfield>
    <subfield code="b">al-Shihir wa-al-Mukalla, mushāhadāt wa-manāẓar /</subfield>
    <subfield code="c">li-Muḥammad ibn Hāshim ibn ʻAbd al-Raḥmān ibn ʻAbd Allāh ibn Ḥusayn ibn Ṭāhir al-ʻAlawī.</subfield>
  </datafield>
  <datafield tag="260" ind1=" " ind2=" ">
    <subfield code="6">880-03</subfield>
    <subfield code="a">al-Qāhirah :</subfield>
    <subfield code="b">Maṭbaʻah Ḥijāzī,</subfield>
    <subfield code="c">[1931?]</subfield>
  </datafield>
  <datafield tag="300" ind1=" " ind2=" ">
    <subfield code="a">68 p. :</subfield>
    <subfield code="b">ill., ports.;</subfield>
    <subfield code="c">21 cm.</subfield>
  </datafield>
  <datafield tag="500" ind1=" " ind2=" ">
    <subfield code="a">First presented as a lecture, Tarim, 1931.</subfield>
  </datafield>
  <datafield tag="651" ind1=" " ind2="0">
    <subfield code="a">Yemen (Republic)</subfield>
    <subfield code="x">Description and travel.</subfield>
  </datafield>
  <datafield tag="880" ind1="1" ind2=" ">
    <subfield code="6">100-01/(3/r</subfield>
    <subfield code="a">علوي ،محمد بن هاشم.</subfield>
  </datafield>
  <datafield tag="880" ind1="1" ind2="0">
    <subfield code="6">245-02/(3/r</subfield>
    <subfield code="a">رحلة إلى الثغرين :</subfield>
    <subfield code="b">الشحر و المكلا، مشاهدات و مناظر /</subfield>
    <subfield code="c">لمحمد بن هاشم ابن عبد الرحمن بن عبد الله بن حسين بن طاهر العلوي .</subfield>
  </datafield>
  <datafield tag="880" ind1=" " ind2=" ">
    <subfield code="6">260-03/(3/r</subfield>
    <subfield code="a">القاهرة :</subfield>
    <subfield code="b">مطبعة حجازي ،</subfield>
    <subfield code="c">[1931؟]</subfield>
  </datafield>
  <datafield tag="955" ind1=" " ind2=" ">
    <subfield code="b">CU90372956</subfield>
    <subfield code="d">off,glx</subfield>
    <subfield code="e">DS247.7.S54 I26 1931g</subfield>
  </datafield>
</record>
</collection>